<record>
    <leader> cx j22 3 45 </leader>
    <controlfield tag="001">027518817</controlfield>
    <controlfield tag="003">http://www.idref.fr/027518817</controlfield>
    <controlfield tag="004">19850422</controlfield>
    <controlfield tag="005">20190222161637.000</controlfield>
    <controlfield tag="006">0004</controlfield>
    <controlfield tag="007">1999</controlfield>
    <controlfield tag="008">Td8</controlfield>
    <datafield tag="033" ind1=" " ind2=" ">
    <subfield code="a">http://catalogue.bnf.fr/ark:/12148/cb11954189q</subfield>
    <subfield code="2">BNF</subfield>
    <subfield code="d">20170607</subfield>
    </datafield>
    <datafield tag="035" ind1=" " ind2=" ">
    <subfield code="a">frBN001819401</subfield>
    </datafield>
    <datafield tag="035" ind1=" " ind2=" ">
    <subfield code="a">FRBNF119541896</subfield>
    <subfield code="z">FRBNF11954189</subfield>
    </datafield>
    <datafield tag="100" ind1=" " ind2=" ">
    <subfield code="a">19850422afrey50 ba0</subfield>
    </datafield>
    <datafield tag="106" ind1=" " ind2=" ">
    <subfield code="a">2</subfield>
    <subfield code="b">1</subfield>
    <subfield code="c">1</subfield>
    </datafield>
    <datafield tag="152" ind1=" " ind2=" ">
    <subfield code="b">rameau</subfield>
    </datafield>
    <datafield tag="250" ind1=" " ind2=" ">
    <subfield code="7">ba0yba0y</subfield>
    <subfield code="9">#</subfield>
    <subfield code="a">Industrie</subfield>
    <subfield code="x">Aspect environnemental</subfield>
    </datafield>
    <datafield tag="305" ind1="1" ind2=" ">
    <subfield code="7">ba0yba0y</subfield>
    <subfield code="a">
    Voir aussi la subdivision Aspect environnemental aux forces armées, guerres, industries, maladies, matériaux, produits chimiques, véhicules et sujets noms communs appropriés, par ex. : Industries chimiques -- Aspect environnemental
    </subfield>
    </datafield>
    <datafield tag="450" ind1=" " ind2=" ">
    <subfield code="7">ba0yba0y</subfield>
    <subfield code="9">#</subfield>
    <subfield code="a">Environnement et industrie</subfield>
    </datafield>
    <datafield tag="450" ind1=" " ind2=" ">
    <subfield code="7">ba0yba0y</subfield>
    <subfield code="9">#</subfield>
    <subfield code="a">Industrie et environnement</subfield>
    </datafield>
    <datafield tag="550" ind1=" " ind2=" ">
    <subfield code="0">Voir aussi</subfield>
    <subfield code="3">183461843</subfield>
    <subfield code="5">z|xxx</subfield>
    <subfield code="7">ba0yba0y</subfield>
    <subfield code="a">Industrie verte</subfield>
    </datafield>
    <datafield tag="550" ind1=" " ind2=" ">
    <subfield code="0">Voir aussi</subfield>
    <subfield code="3">034261877</subfield>
    <subfield code="5">z|xxx</subfield>
    <subfield code="7">ba0yba0y</subfield>
    <subfield code="a">Installations classées</subfield>
    </datafield>
    <datafield tag="550" ind1=" " ind2=" ">
    <subfield code="0">Voir aussi</subfield>
    <subfield code="3">027243206</subfield>
    <subfield code="5">z|xxx</subfield>
    <subfield code="7">ba0yba0y</subfield>
    <subfield code="a">Pollution</subfield>
    </datafield>
    <datafield tag="550" ind1=" " ind2=" ">
    <subfield code="3">027260828</subfield>
    <subfield code="5">g|xxx</subfield>
    <subfield code="7">ba0yba0y</subfield>
    <subfield code="a">Développement économique</subfield>
    <subfield code="x">Aspect environnemental</subfield>
    </datafield>
    <datafield tag="550" ind1=" " ind2=" ">
    <subfield code="3">027790215</subfield>
    <subfield code="5">g|xxx</subfield>
    <subfield code="7">ba0yba0y</subfield>
    <subfield code="a">Industrie</subfield>
    </datafield>
    <datafield tag="686" ind1=" " ind2=" ">
    <subfield code="a">330</subfield>
    <subfield code="c">Économie politique</subfield>
    <subfield code="2">Note de regroupement par domaine</subfield>
    </datafield>
    <datafield tag="686" ind1=" " ind2=" ">
    <subfield code="a">577</subfield>
    <subfield code="c">Écologie</subfield>
    <subfield code="2">Note de regroupement par domaine</subfield>
    </datafield>
    <datafield tag="801" ind1=" " ind2="0">
    <subfield code="a">FR</subfield>
    <subfield code="b">FR-751131015</subfield>
    <subfield code="c">20170531</subfield>
    </datafield>
    <datafield tag="801" ind1=" " ind2="3">
    <subfield code="a">FR</subfield>
    <subfield code="b">Abes</subfield>
    <subfield code="c">20190222</subfield>
    <subfield code="g">AFNOR</subfield>
    </datafield>
    <datafield tag="898" ind1=" " ind2=" ">
    <subfield code="a">
    Réforme Rameau janvier 2019 Td ouverte à la subd. géogr.
    </subfield>
    <subfield code="d">20190215</subfield>
    </datafield>
    <datafield tag="950" ind1=" " ind2=" ">
    <subfield code="a">Industrie -- Aspect environnemental</subfield>
    </datafield>
    <datafield tag="951" ind1=" " ind2=" ">
    <subfield code="a">Environnement et industrie</subfield>
    </datafield>
    <datafield tag="951" ind1=" " ind2=" ">
    <subfield code="a">Industrie et environnement</subfield>
    </datafield>
    </record>